<?xml version="1.0" encoding="UTF-8"?><collection xmlns="http://www.loc.gov/MARC21/slim"><record><leader>00379nam--2200133-i-4500</leader><controlfield tag="001">000049904</controlfield><controlfield tag="002">20161230</controlfield><controlfield tag="005">20161230201047</controlfield><controlfield tag="008">060222s1000------------r-----000-0-eng-d</controlfield><datafield ind1=" " ind2=" " tag="080"><subfield code="a">537.1:537.61</subfield></datafield><datafield ind1=" " ind2=" " tag="100"><subfield code="a">Ahiezer, A.I</subfield></datafield><datafield ind1=" " ind2=" " tag="245"><subfield code="a">Obshchaia fizika elektricheskie i magnitnye iavleniia. spravochnoe posobie</subfield></datafield><datafield ind1=" " ind2=" " tag="260"><subfield code="a">Kiev, Izdatelstvo Naukovadumka, 1981, 472s</subfield></datafield><datafield ind1=" " ind2=" " tag="852"><subfield code="a">75523</subfield></datafield></record></collection>